<collection xmlns="http://www.loc.gov/MARC21/slim"><record><leader>00857nam  2200241   450</leader><controlfield tag="001">322</controlfield><controlfield tag="003">http://montalegre.opacnet.com/OPAC/default.aspx?ContentAreaControl=ShowRegHoldings.ascx&amp;RegNo=16662</controlfield><controlfield tag="005">20</controlfield><datafield tag="095" ind1=" " ind2=" "><subfield code="a">PTBN00037351</subfield></datafield><datafield tag="100" ind1=" " ind2=" "><subfield code="a">19821201d1981    m  y0pora0103    ba</subfield></datafield><datafield tag="101" ind1="1" ind2=" "><subfield code="a">por</subfield><subfield code="c">fre</subfield></datafield><datafield tag="102" ind1=" " ind2=" "><subfield code="a">PT</subfield></datafield><datafield tag="200" ind1="1" ind2=" "><subfield code="a">&lt;A &gt;túlipa negra</subfield><subfield code="f">Alexandre Dumas</subfield><subfield code="g">trad. Adelino dos Santos Rodrigues</subfield></datafield><datafield tag="210" ind1=" " ind2=" "><subfield code="a">Mem Martins</subfield><subfield code="c">Europa-América</subfield><subfield code="d">1981</subfield></datafield><datafield tag="215" ind1=" " ind2=" "><subfield code="a">182, [1] p.</subfield><subfield code="d">18 cm</subfield></datafield><datafield tag="225" ind1="2" ind2=" "><subfield code="a">Livros de bolso Europa-América</subfield><subfield code="v">276</subfield></datafield><datafield tag="304" ind1=" " ind2=" "><subfield code="a">Tít. orig. La tulipe noire</subfield></datafield><datafield tag="675" ind1=" " ind2=" "><subfield code="a">821</subfield><subfield code="v">BN</subfield><subfield code="z">por</subfield><subfield code="3">288125</subfield></datafield><datafield tag="700" ind1=" " ind2="1"><subfield code="a">Dumas</subfield><subfield code="b">Alexandre</subfield><subfield code="f">1802-1870</subfield><subfield code="3">45382</subfield></datafield><datafield tag="702" ind1=" " ind2="1"><subfield code="a">Rodrigues</subfield><subfield code="b">Adelino dos Santos</subfield><subfield code="4">730</subfield><subfield code="3">61431</subfield></datafield><datafield tag="801" ind1=" " ind2="0"><subfield code="a">PT</subfield><subfield code="b">Biblioteca Municipal de Montalegre</subfield><subfield code="g">RPC</subfield></datafield><datafield tag="856" ind1=" " ind2=" "><subfield code="u">locateMedia.asp?cod=20060511143406&amp;ext=jpg</subfield><subfield code="z">CAPA</subfield></datafield><datafield tag="909" ind1="&#9;" ind2=" "><subfield code="a">2</subfield></datafield><datafield tag="966" ind1=" " ind2=" "><subfield code="a">0005202</subfield><subfield code="l">BMM</subfield><subfield code="s">SCG 821 DUM túl 276</subfield></datafield><datafield tag="966" ind1=" " ind2=" "><subfield code="a">1002882</subfield><subfield code="l">BEM</subfield><subfield code="s">BEM 821.134.3 DUM</subfield></datafield></record></collection>